<?xml version="1.0" encoding="utf-8"?>
<record xmlns="http://www.loc.gov/MARC21/slim" xmlns:xsi="http://www.w3.org/2001/XMLSchema-instance" xsi:schemaLocation="http://www.loc.gov/MARC21/slim http://www.loc.gov/standards/marcxml/schema/MARC21slim.xsd">
	<leader>     nam a22     Mi 4500</leader>
	<controlfield tag="001">6329</controlfield>
	<controlfield tag="003">aeadna</controlfield>
	<controlfield tag="006">m        d        </controlfield>
	<controlfield tag="007">cr cn |||m|||a</controlfield>
	<controlfield tag="008">220311s1944||||ye     fo    n000 0|ara|d</controlfield>
	<datafield ind1=" " ind2=" " tag="040">
		<subfield code="a">ZYU</subfield>
		<subfield code="b">ara</subfield>
		<subfield code="c">ZYU</subfield>
	</datafield>
	<datafield ind1="0" ind2=" " tag="041">
		<subfield code="a">ara</subfield>
	</datafield>
	<datafield ind1=" " ind2=" " tag="043">
		<subfield code="a">a-ye---</subfield>
	</datafield>
	<datafield ind1=" " ind2="4" tag="050">
		<subfield code="a">BP63.Y45</subfield>
		<subfield code="b">.S26 1944</subfield>
	</datafield>
	<datafield ind1=" " ind2=" " tag="066">
		<subfield code="c">(3</subfield>
	</datafield>
	<datafield ind1="1" ind2="4" tag="082">
		<subfield code="a">920.0567</subfield>
		<subfield code="b">21</subfield>
	</datafield>
	<datafield ind1=" " ind2=" " tag="090">
		<subfield code="a">920.0567</subfield>
		<subfield code="b">ص ن ل ا</subfield>
	</datafield>
	<datafield ind1="1" ind2=" " tag="100">
		<subfield code="a">الصنعاني، محمد بن محمد بن يحيى زبارة الحسيني اليمني</subfield>
	</datafield>
	<datafield ind1="1" ind2="0" tag="245">
		<subfield code="a">لامية نبلاء اليمن الذين ماتوا بالقرن الرابع عشر الهجري</subfield>
		<subfield code="h">[electronic resource] :</subfield>
		<subfield code="b"> الألفية الأولى من لامية النبلاء، اشتملت وذيلها على ذكر (353) ماتوا من سنة 1301 إلى نهاية سنة 1340 للهجرة /</subfield>
		<subfield code="c">محمد بن محمد بن يحيى بن عبدالله بن أحمد بن إسمعيل بن الحسين بن أحمد زبارة الحسيني اليمني الصنعاني</subfield>
	</datafield>
	<datafield ind1="3" ind2="0" tag="246">
		<subfield code="a">الألفية الأولى من لامية النبلاء، اشتملت وذيلها على ذكر (353) ماتوا من سنة 1301 إلى نهاية سنة 1340 للهجرة</subfield>
	</datafield>
	<datafield ind1=" " ind2=" " tag="260">
		<subfield code="a">صنعاء :</subfield>
		<subfield code="b">وزارة المعارف الجليلة المتوكلية ،</subfield>
		<subfield code="c">1363هـ.[1944م].</subfield>
	</datafield>
	<datafield ind1=" " ind2=" " tag="300">
		<subfield code="a">online resource (84 ص.، 1-8 ؛)</subfield>
	</datafield>
	<datafield ind1=" " ind2=" " tag="500">
		<subfield code="a">صفحة 84: &quot;من مطبوعات مطبعة وزارة المعارف الجليلة&quot; طبعت هذه (بصنعاء) عن رأي الوزير سامي المقام ...(عبد الله) فخر الكمال نجل الامام...&quot;.</subfield>
	</datafield>
	<datafield ind1=" " ind2=" " tag="500">
		<subfield code="a">فهرس لامية النبلاء : أسماء من اشتملت عليهم الألفية الأولى  من لامية نبلاء اليمن: ص1-8. آخر الكتاب.</subfield>
	</datafield>
	<datafield ind1=" " ind2=" " tag="500">
		<subfield code="a">حالة الكتاب المادية متوسطة. طبع على ورق مسطر.</subfield>
	</datafield>
	<datafield ind1=" " ind2=" " tag="500">
		<subfield code="a">Part of the Arabic Collections Online (ACO) project, contributed by United Arab Emirates National Archives.</subfield>
	</datafield>
	<datafield ind1=" " ind2=" " tag="533">
		<subfield code="a">Electronic reproduction.</subfield>
		<subfield code="b">New York, N.Y. :</subfield>
		<subfield code="c">New York University,</subfield>
		<subfield code="d">2022.</subfield>
		<subfield code="5">NNU</subfield>
	</datafield>
	<datafield ind1=" " ind2="4" tag="650">
		<subfield code="a">العلماء اليمنيون</subfield>
		<subfield code="v">تراجم.</subfield>
	</datafield>
	<datafield ind1=" " ind2="4" tag="651">
		<subfield code="a">اليمن</subfield>
		<subfield code="v">تراجم.</subfield>
	</datafield>
	<datafield ind1="2" ind2=" " tag="710">
		<subfield code="a">Abu Dhabi (United Arab Emirates).</subfield>
		<subfield code="b">National Archives.</subfield>
	</datafield>
	<datafield ind1="0" ind2=" " tag="730">
		<subfield code="a">Arabic Collections Online.</subfield>
	</datafield>
	<datafield ind1="0" ind2="8" tag="776">
		<subfield code="i">Print version:</subfield>
		<subfield code="a">الصنعاني، محمد بن محمد بن يحيى زبارة الحسيني اليمني</subfield>
		<subfield code="t">لامية نبلاء اليمن الذين ماتوا بالقرن الرابع عشر الهجري</subfield>
		<subfield code="w">(aeadna)6329</subfield>
	</datafield>
	<datafield ind1="4" ind2="0" tag="856">
		<subfield code="u">http://hdl.handle.net/2333.1/gtht7jc5</subfield>
	</datafield>
	<datafield ind1=" " ind2=" " tag="949">
		<subfield code="a">920.0567 ص ل ف ا</subfield>
		<subfield code="w">DDC</subfield>
		<subfield code="i">30018000012675</subfield>
		<subfield code="u">08/02/2003</subfield>
		<subfield code="d">04/26/2010</subfield>
		<subfield code="n">0</subfield>
		<subfield code="t">Book</subfield>
		<subfield code="l">av</subfield>
		<subfield code="m">MAIN</subfield>
		<subfield code="x">RAR</subfield>
	</datafield>
	<datafield ind1=" " ind2=" " tag="959">
		<subfield code="a">NNU</subfield>
		<subfield code="b">WEB</subfield>
		<subfield code="c">GENI</subfield>
		<subfield code="t">0</subfield>
		<subfield code="m">Electronic access</subfield>
		<subfield code="s">01</subfield>
	</datafield>
	<datafield ind1=" " ind2=" " tag="999">
		<subfield code="i">aeadna_6329</subfield>
		<subfield code="s">uaena_aco000079:1</subfield>
		<subfield code="e">(ERROR-880)(ERROR-MISC)</subfield>
	</datafield>
</record>
